@article{McCulloch1990,
	title={A logical calculus of the ideas immanent in nervous activity. 1943.},
	author={Warren S. McCulloch and Walter Pitts},
	journal={Bulletin of mathematical biology},
	year={1990},
	volume={52 1-2},
	pages={99-115; discussion 73-97}
}

@article{RabinScott1959,
	author = {Michael O Rabin and Dana Scott},
	year = {1959},
	month = {04},
	pages = {114-125},
	title = {Finite Automata and Their Decision Problems},
	volume = {3},
	journal = {IBM Journal of Research and Development},
	doi = {10.1147/rd.32.0114}
}

@article{Hopcroft1971,
	author = {John Hopcroft},
	year = {1971},
	month = {01},
	pages = {15},
	title = {An N Log N Algorithm for Minimizing States in a Finite Automaton},
	journal = {An N Log N Algorithm for Minimizing States in A Finite Automaton},
	doi = {10.1016/B978-0-12-417750-5.50022-1}
}

@InProceedings{JianRavikumar1991,
	author="Tao Jiang and B. Ravikumar",
	title="Minimal NFA problems are hard",
	booktitle="Automata, Languages and Programming",
	year="1991",
	publisher="Springer Berlin Heidelberg",
	address="Berlin, Heidelberg",
	pages="629--640",
	isbn="978-3-540-47516-3"
}

@article{ChamparnaudCoulon2004,
title = "NFA reduction algorithms by means of regular inequalities",
journal = "Theoretical Computer Science",
volume = "327",
number = "3",
pages = "241 - 253",
year = "2004",
note = "Developments in Language Theory",
issn = "0304-3975",
doi = "https://doi.org/10.1016/j.tcs.2004.02.048",
url = "http://www.sciencedirect.com/science/article/pii/S0304397504004803",
author = "J.-M. Champarnaud and F. Coulon",
keywords = "Automata, NFA, Simulation, Reduction, Preorder, Nondeterministic"
}

@inproceedings{BonchiPous2013,
 author = {Filippo Bonchi and Damien Pous},
 title = {Checking NFA Equivalence with Bisimulations Up to Congruence},
 booktitle = {Proceedings of the 40th Annual ACM SIGPLAN-SIGACT Symposium on Principles of Programming Languages},
 series = {POPL '13},
 year = {2013},
 isbn = {978-1-4503-1832-7},
 location = {Rome, Italy},
 pages = {457--468},
 numpages = {12},
 url = {http://doi.acm.org/10.1145/2429069.2429124},
 doi = {10.1145/2429069.2429124},
 acmid = {2429124},
 publisher = {ACM},
 address = {New York, NY, USA},
 keywords = {antichain, automata, bisimulation, coinduction, congruence, language equivalence, up-to techniques},
} 

@article{Buchi1966,
	author = "Julius Richard BÃ¼chi",
	title = "On a Decision Method in Restricted Second Order Arithmetic",
	year = "1966"
}

@InProceedings{Schewe2010,
  author =	{Sven Schewe},
  title =	{{Beyond Hyper-Minimisation---Minimising DBAs and DPAs is NP-Complete}},
  booktitle =	{IARCS Annual Conference on Foundations of Software Technology and Theoretical Computer Science (FSTTCS 2010)},
  pages =	{400--411},
  series =	{Leibniz International Proceedings in Informatics (LIPIcs)},
  ISBN =	{978-3-939897-23-1},
  ISSN =	{1868-8969},
  year =	{2010},
  volume =	{8},
  editor =	{Kamal Lodaya and Meena Mahajan},
  publisher =	{Schloss Dagstuhl--Leibniz-Zentrum fuer Informatik},
  address =	{Dagstuhl, Germany},
  URL =		{http://drops.dagstuhl.de/opus/volltexte/2010/2881},
  URN =		{urn:nbn:de:0030-drops-28816},
  doi =		{10.4230/LIPIcs.FSTTCS.2010.400},
  annote =	{Keywords: Automata Theory, Complexity,  B{\"u}chi Automata, Parity Automata}
}

@InProceedings{MayrClemente2012,
author	= { Richard Mayr and Lorenzo Clemente },
title = {Advanced Automata Minimization},
booktitle = {POPL 2013},
year = 2012,
month = {Oct},
url = {http://arxiv.org/abs/1210.6624},
}

@InProceedings{EtessamiWilkeSchuller2001,
author="Kousha Etessami and Thomas Wilke and Rebecca A. Schuller",
title="Fair Simulation Relations, Parity Games, and State Space Reduction for B{\"u}chi Automata",
booktitle="Automata, Languages and Programming",
year="2001",
publisher="Springer Berlin Heidelberg",
address="Berlin, Heidelberg",
pages="694--707",
isbn="978-3-540-48224-6"
}

@incollection{Thomas1991,
 author = {Wolfgang Thomas},
 chapter = {Automata on Infinite Objects},
 title = {Handbook of Theoretical Computer Science (Vol. B)},
 editor = {van Leeuwen, Jan},
 year = {1990},
 isbn = {0-444-88074-7},
 pages = {133--191},
 numpages = {59},
 url = {http://dl.acm.org/citation.cfm?id=114891.114895},
 acmid = {114895},
 publisher = {MIT Press},
 address = {Cambridge, MA, USA},
} 

@article{Piterman2007,
  author    = {Nir Piterman},
  title     = {From Nondeterministic B{\"{u}}chi and Streett Automata to Deterministic
               Parity Automata},
  journal   = {Logical Methods in Computer Science},
  volume    = {3},
  number    = {3},
  year      = {2007},
  url       = {https://doi.org/10.2168/LMCS-3(3:5)2007},
  doi       = {10.2168/LMCS-3(3:5)2007},
  timestamp = {Mon, 06 Nov 2017 12:13:14 +0100},
  biburl    = {https://dblp.org/rec/bib/journals/lmcs/Piterman07},
  bibsource = {dblp computer science bibliography, https://dblp.org}
}

@incollection{Moore56,
  added-at = {2008-03-17T11:27:54.000+0100},
  address = {Princeton, NJ},
  author = {Edward F. Moore},
  biburl = {https://www.bibsonomy.org/bibtex/249bd4dcaac84ed82bc38992c9994c417/nlp},
  booktitle = {Automata Studies},
  editor = {Shannon, Claude and McCarthy, John},
  interhash = {29203d30cfbadb8f1e4a4ed1cdd7ac25},
  intrahash = {49bd4dcaac84ed82bc38992c9994c417},
  keywords = {2000 book nlp},
  pages = {129--153},
  publisher = {Princeton University Press},
  timestamp = {2008-03-17T11:32:51.000+0100},
  title = {Gedanken-Experiments on Sequential Machines},
  year = 1956
}

@InProceedings{HenzingerTelle1996,
author="Monika Rauch Henzinger and Jan Arne Telle",
title="Faster algorithms for the nonemptiness of streett automata and for communication protocol pruning",
booktitle="Algorithm Theory --- SWAT'96",
year="1996",
publisher="Springer Berlin Heidelberg",
address="Berlin, Heidelberg",
pages="16--27",
abstract="This paper shows how a general technique, called lock-step search, used in dynamic graph algorithms, can be used to improve the running time of two problems arising in program verification and communication protocol design.",
isbn="978-3-540-68529-6"
}






















